%
%  Vzor bibliografické databáze pro automatickou tvorbu seznamu referencí
%  pomocí BibTeXu
%
%  Doporučený software pro správu databáze literatury formátu *.bib:
%    JabRef, http://jabref.sourceforge.net/
%
%  POZOR:
%
%    *  Písmena v názvech publikací, jež je třeba tisknout vždy velká, se musejí psát
%       do složených závorek ({T}hailand, {HIV})
%
%  ===========================================================================

@article{selekcniMetody,
  author = {Jebari, Khalid},
  year = {2013},
  month = {12},
  pages = {333-344},
  title = {Selection Methods for Genetic Algorithms},
  volume = {3},
  journal = {International Journal of Emerging Sciences}
}


@Book{fieldguide,

    author = "Riccardo Poli and William B. Langdon and Nicholas Freitag McPhee",
    title = "A field guide to genetic programming",
    publisher = "Published via \texttt{http://lulu.com} and freely available at \texttt{http://www.gp-field-guide.org.uk}",
    year = "2008",
    note = "(With contributions by J. R. Koza)", 
}

@Inbook{fieldGuideUsage,

    author = "Riccardo Poli and William B. Langdon and Nicholas Freitag McPhee",
    title = "A field guide to genetic programming",
    publisher = "Published via \texttt{http://lulu.com} and freely available at \texttt{http://www.gp-field-guide.org.uk}",
    year = "2008",
    note = "(With contributions by J. R. Koza)", 
    pages = {126}
}

@Misc{pygame,
  author = {Pete Shinners},
  title =         {PyGame},
  howpublished = {\url{http://pygame.org/}},
  year = {2011}
}

@misc{openAiGym,
  Author = {Greg Brockman and Vicki Cheung and Ludwig Pettersson and Jonas Schneider and John Schulman and Jie Tang and Wojciech Zaremba},
  Title = {OpenAI Gym},
  Year = {2016},
  Eprint = {arXiv:1606.01540},
  howpublished= {\url{https://arxiv.org/pdf/1606.01540.pdf}},
}


\z informaci o deap z wikipedie
@misc{typedProgramming,
  author       = {François-Michel De Rainville and Félix-Antoine Fortin and Marc-André Gardner and Marc Parizeau and Christian Gagné},
  title        = {Genetic programming},
  howpublished = {\url{https://deap.readthedocs.io/en/master/tutorials/advanced/gp.html}},
  year         = {2009}
}

@misc{perceptronNeuralNetworks,
  author       = {Massachusetts Institute of Technology},
  title        = {},
  howpublished = {\url{https://ocw.mit.edu/courses/health-sciences-and-technology/hst-947-medical-artificial-intelligence-spring-2005/lecture-notes/ch7_mach3.pdf}},
  year         = {2004},
  pages        = {9-14}
}

@misc{markovDecisionProcesses,

  author       = {Emilio Frazzoli Aeronautics and AstronauticsMassachusetts Institute of Technology},
  title        = {Markov Decision Processes},
  howpublished = {\url{https://ocw.mit.edu/courses/aeronautics-and-astronautics/16-410-principles-of-autonomy-and-decision-making-fall-2010/lecture-notes/MIT16_410F10_lec22.pdf}},
  year         = {2010}
}

@article{atari,
  author    = {Volodymyr Mnih and
               Koray Kavukcuoglu and
               David Silver and
               Alex Graves and
               Ioannis Antonoglou and
               Daan Wierstra and
               Martin A. Riedmiller},
  title     = {Playing Atari with Deep Reinforcement Learning},
  journal   = {CoRR},
  volume    = {abs/1312.5602},
  year      = {2013},
  url       = {http://arxiv.org/abs/1312.5602},
  archivePrefix = {arXiv},
  eprint    = {1312.5602},
  timestamp = {Mon, 13 Aug 2018 16:47:42 +0200},
  biburl    = {https://dblp.org/rec/journals/corr/MnihKSGAWR13.bib},
  bibsource = {dblp computer science bibliography, https://dblp.org}
}

@misc{deepQ,
  author       = {Mgr. Martin Pilát Ph.D.},
  title        = {Hluboké zpětnovazební učení},
  howpublished = {\url{https://martinpilat.com/cs/prirodou-inspirovane-algoritmy/hluboke-zpetnovazebni-uceni}},
  year         = {2019}
}